<record><leader>00000cas a2200000 a 4500</leader><controlfield tag="001">27352555</controlfield><controlfield tag="008">930201d193419uuiluwr ne      0   a0eng c</controlfield><datafield ind1=" " ind2=" " tag="010"><subfield code="a">sn 93055573 </subfield></datafield><datafield ind1=" " ind2=" " tag="040"><subfield code="a">NVF</subfield><subfield code="b">eng</subfield><subfield code="c">NVF</subfield><subfield code="d">OCLCQ</subfield><subfield code="d">NVF</subfield><subfield code="d">OCLCQ</subfield><subfield code="d">NVF</subfield><subfield code="d">OCLCO</subfield></datafield><datafield ind1=" " ind2=" " tag="042"><subfield code="a">pcc</subfield></datafield><datafield ind1=" " ind2=" " tag="043"><subfield code="a">n-us-il</subfield></datafield><datafield ind1="0" ind2="4" tag="245"><subfield code="a">The Omaha advocate.</subfield></datafield><datafield ind1=" " ind2=" " tag="260"><subfield code="a">Omaha, Gallatin County, Ill. :</subfield><subfield code="b">Ralph Clippinger,</subfield><subfield code="c">1934-[19--?]</subfield></datafield><datafield ind1=" " ind2=" " tag="300"><subfield code="a">v.</subfield></datafield><datafield ind1=" " ind2=" " tag="310"><subfield code="a">Weekly</subfield></datafield><datafield ind1="0" ind2=" " tag="362"><subfield code="a">Vol. 1, no. 1 (Oct. 18, 1934)-</subfield></datafield><datafield ind1=" " ind2=" " tag="580"><subfield code="a">Other eds. available: Gallatin County times, Oct. 18-Nov. 15, 1934, and: Equality times (Equality, Ill.), Dec. 6, 1934-&lt;Jan. 3, 1935&gt;, and: Shawneetown press, Dec. 6, 1934-&lt;Jan. 3, 1935&gt;, and: New Haven herald (New Haven, Ill.), Dec. 6, 1934-&lt;Jan. 3, 1935&gt;, and: Ridgway journal, Dec. 6, 1934-&lt;Jan. 3, 1935&gt;, and: Junction monitor, Dec. 6, 1934-&lt;Jan. 3, 1935&gt;</subfield></datafield><datafield ind1=" " ind2=" " tag="588"><subfield code="a">Latest issue consulted: Jan. 3, 1935.</subfield></datafield><datafield ind1=" " ind2="0" tag="651"><subfield code="a">Omaha (Ill.)</subfield><subfield code="v">Newspapers.</subfield></datafield><datafield ind1=" " ind2=" " tag="752"><subfield code="a">United States</subfield><subfield code="b">Illinois</subfield><subfield code="c">Gallatin</subfield><subfield code="d">Omaha.</subfield></datafield><datafield ind1="1" ind2=" " tag="775"><subfield code="t">Gallatin County times</subfield><subfield code="w">(DLC)sn 93055574</subfield><subfield code="w">(OCoLC)27353461</subfield></datafield><datafield ind1="1" ind2=" " tag="775"><subfield code="t">Equality times (Equality, Ill.)</subfield><subfield code="w">(DLC)sn 93055575</subfield><subfield code="w">(OCoLC)27353532</subfield></datafield><datafield ind1="1" ind2=" " tag="775"><subfield code="t">Shawneetown press</subfield><subfield code="w">(DLC)sn 87082361</subfield><subfield code="w">(OCoLC)15321093</subfield></datafield><datafield ind1="1" ind2=" " tag="775"><subfield code="t">New Haven herald (New Haven, Ill.)</subfield><subfield code="w">(DLC)sn 93055576</subfield><subfield code="w">(OCoLC)27358869</subfield></datafield><datafield ind1="1" ind2=" " tag="775"><subfield code="t">Ridgway journal</subfield><subfield code="w">(DLC)sn 93055577</subfield><subfield code="w">(OCoLC)27359057</subfield></datafield><datafield ind1="1" ind2=" " tag="775"><subfield code="t">Junction monitor</subfield><subfield code="w">(DLC)sn 93055578</subfield><subfield code="w">(OCoLC)27359145</subfield></datafield></record>